<?xml version="1.0" encoding="UTF-8"?>
<!DOCTYPE html PUBLIC "-//W3C//DTD XHTML 1.0 Transitional//EN"
    "http://www.w3.org/TR/xhtml1/DTD/xhtml1-transitional.dtd">
<html xmlns="http://www.w3.org/1999/xhtml" xml:lang="en" lang="en">
 <head>
  <title>
</title>
<meta http-equiv="Content-Type" content="text/html;charset=utf-8" />
  <meta name='ocr-system' content='tesseract 3.04.00' />
  <meta name='ocr-capabilities' content='ocr_page ocr_carea ocr_par ocr_line ocrx_word'/>
</head>
<body>
  <div class='ocr_page' id='page_1' title='image "4771393_0014.png"; bbox 0 0 2578 3231; ppageno 0'>
   <div class='ocr_carea' id='block_1_1' title="bbox 1143 118 1420 161">
    <p class='ocr_par' dir='ltr' id='par_1_1' title="bbox 1143 118 1420 161">
     <span class='ocr_line' id='line_1_1' title="bbox 1143 118 1420 161; baseline -0.004 -10"><span class='ocrx_word' id='word_1_1' title='bbox 1143 118 1420 161; x_wconf 74' lang='grc'>-6-</span> 
     </span>
    </p>
   </div>
   <div class='ocr_carea' id='block_1_2' title="bbox 223 247 2332 477">
    <p class='ocr_par' dir='ltr' id='par_1_2' title="bbox 223 247 2332 477">
     <span class='ocr_line' id='line_1_2' title="bbox 223 247 2330 308; baseline -0 -15"><span class='ocrx_word' id='word_1_2' title='bbox 223 253 454 308; x_wconf 74' lang='grc' dir='ltr'><strong><em>ᾰρτίδροποι</em></strong></span> <span class='ocrx_word' id='word_1_3' title='bbox 486 247 727 303; x_wconf 67' lang='grc' dir='ltr'><strong><em>ὠμοδρόποις</em></strong></span> <span class='ocrx_word' id='word_1_4' title='bbox 758 255 932 294; x_wconf 88' lang='lat' dir='ltr'>dicuntur</span> <span class='ocrx_word' id='word_1_5' title='bbox 963 251 1146 304; x_wconf 82' lang='lat' dir='ltr'>virgines,</span> <span class='ocrx_word' id='word_1_6' title='bbox 1179 262 1276 304; x_wconf 85' lang='lat' dir='ltr'>quae</span> <span class='ocrx_word' id='word_1_7' title='bbox 1308 250 1444 290; x_wconf 93' lang='lat' dir='ltr'>modo</span> <span class='ocrx_word' id='word_1_8' title='bbox 1477 253 1517 289; x_wconf 89' lang='lat' dir='ltr'>et</span> <span class='ocrx_word' id='word_1_9' title='bbox 1545 250 1794 291; x_wconf 86' lang='lat' dir='ltr'>immature</span> <span class='ocrx_word' id='word_1_10' title='bbox 1828 255 1980 304; x_wconf 77' lang='lat' dir='ltr'><strong>carptae</strong></span> <span class='ocrx_word' id='word_1_11' title='bbox 1997 256 2086 293; x_wconf 88' lang='lat' dir='ltr'>sunt</span> <span class='ocrx_word' id='word_1_12' title='bbox 2112 262 2186 292; x_wconf 90' lang='lat' dir='ltr'>nec</span> <span class='ocrx_word' id='word_1_13' title='bbox 2202 251 2330 292; x_wconf 84' lang='lat' dir='ltr'>ollen-</span> 
     </span>
     <span class='ocr_line' id='line_1_3' title="bbox 224 329 2331 391; baseline -0.004 -6"><span class='ocrx_word' id='word_1_14' title='bbox 224 346 321 385; x_wconf 86' lang='lat' dir='ltr'>sioni</span> <span class='ocrx_word' id='word_1_15' title='bbox 355 353 444 383; x_wconf 89' lang='lat' dir='ltr'>esse</span> <span class='ocrx_word' id='word_1_16' title='bbox 478 345 602 391; x_wconf 83' lang='lat' dir='ltr'>potest</span> <span class='ocrx_word' id='word_1_17' title='bbox 632 334 861 388; x_wconf 79' lang='grc' dir='ltr'><strong><em>ἄρτίόροποι</em></strong></span> <span class='ocrx_word' id='word_1_18' title='bbox 887 337 1067 388; x_wconf 91' lang='lat' dir='ltr'>coniungi</span> <span class='ocrx_word' id='word_1_19' title='bbox 1099 348 1184 376; x_wconf 93' lang='lat' dir='ltr'>cum</span> <span class='ocrx_word' id='word_1_20' title='bbox 1216 329 1455 383; x_wconf 74' lang='grc' dir='ltr'><strong><em>ὥμοδρόπως</em></strong></span> <span class='ocrx_word' id='word_1_21' title='bbox 1494 333 1542 373; x_wconf 89' lang='lat' dir='ltr'>ab</span> <span class='ocrx_word' id='word_1_22' title='bbox 1574 334 1784 387; x_wconf 82' lang='lat' dir='ltr'><strong>Aeschylo,</strong></span> <span class='ocrx_word' id='word_1_23' title='bbox 1816 335 1917 388; x_wconf 87' lang='lat' dir='ltr'>apud</span> <span class='ocrx_word' id='word_1_24' title='bbox 1946 347 2059 389; x_wconf 88' lang='lat' dir='ltr'>quem</span> <span class='ocrx_word' id='word_1_25' title='bbox 2092 341 2242 377; x_wconf 85' lang='lat' dir='ltr'>constet</span> <span class='ocrx_word' id='word_1_26' title='bbox 2272 338 2331 377; x_wconf 87' lang='lat' dir='ltr'>si-</span> 
     </span>
     <span class='ocr_line' id='line_1_4' title="bbox 223 414 2332 477; baseline -0.006 -8"><span class='ocrx_word' id='word_1_27' title='bbox 223 430 322 469; x_wconf 84' lang='lat' dir='ltr'>milia</span> <span class='ocrx_word' id='word_1_28' title='bbox 354 427 516 477; x_wconf 84' lang='lat' dir='ltr'>reperiri</span> <span class='ocrx_word' id='word_1_29' title='bbox 549 425 681 472; x_wconf 85' lang='lat' dir='ltr'>multa,</span> <span class='ocrx_word' id='word_1_30' title='bbox 722 423 835 461; x_wconf 83' lang='lat' dir='ltr'>veluti</span> <span class='ocrx_word' id='word_1_31' title='bbox 876 426 916 460; x_wconf 87' lang='lat' dir='ltr'>ut</span> <span class='ocrx_word' id='word_1_32' title='bbox 945 432 1064 472; x_wconf 83' lang='lat' dir='ltr'>pauca</span> <span class='ocrx_word' id='word_1_33' title='bbox 1096 420 1270 467; x_wconf 78' lang='lat' dir='ltr'>afferam,</span> <span class='ocrx_word' id='word_1_34' title='bbox 1311 430 1346 457; x_wconf 83' lang='lat' dir='ltr'>v.</span> <span class='ocrx_word' id='word_1_35' title='bbox 1383 418 1485 457; x_wconf 81' lang='lat'>715.</span> <span class='ocrx_word' id='word_1_36' title='bbox 1518 418 1689 457; x_wconf 88' lang='lat' dir='ltr'>eiusdem</span> <span class='ocrx_word' id='word_1_37' title='bbox 1719 419 1871 460; x_wconf 83' lang='lat' dir='ltr'>fabulae</span> <span class='ocrx_word' id='word_1_38' title='bbox 1900 414 2066 457; x_wconf 73' lang='grc' dir='ltr'><strong><em>ἐπειδὰν</em></strong></span> <span class='ocrx_word' id='word_1_39' title='bbox 2103 415 2332 457; x_wconf 75' lang='grc' dir='ltr'><strong><em>αὐτοκτό-</em></strong></span> 
     </span>
    </p>
   </div>
   <div class='ocr_carea' id='block_1_3' title="bbox 223 495 1986 558">
    <p class='ocr_par' dir='ltr' id='par_1_3' title="bbox 223 495 1986 558">
     <span class='ocr_line' id='line_1_5' title="bbox 223 495 1986 558; baseline -0.007 -12"><span class='ocrx_word' id='word_1_40' title='bbox 223 524 309 556; x_wconf 79' lang='grc' dir='ltr'>νως</span> <span class='ocrx_word' id='word_1_41' title='bbox 332 507 339 558; x_wconf 87' lang='grc' dir='ltr'>Ι</span> <span class='ocrx_word' id='word_1_42' title='bbox 362 505 673 546; x_wconf 78' lang='grc' dir='ltr'><strong><em>αὖτοδάϊκτοι</em></strong></span> <span class='ocrx_word' id='word_1_43' title='bbox 699 503 853 542; x_wconf 73' lang='grc' dir='ltr'><strong><em>θάνωσι</em></strong></span> <span class='ocrx_word' id='word_1_44' title='bbox 880 511 919 545; x_wconf 79' lang='lat' dir='ltr'>et</span> <span class='ocrx_word' id='word_1_45' title='bbox 948 504 1137 544; x_wconf 79' lang='lat' dir='ltr'>Prometh,</span> <span class='ocrx_word' id='word_1_46' title='bbox 1169 516 1203 542; x_wconf 88' lang='lat' dir='ltr'>v.</span> <span class='ocrx_word' id='word_1_47' title='bbox 1239 504 1340 542; x_wconf 77' lang='grc'>948.</span> <span class='ocrx_word' id='word_1_48' title='bbox 1373 496 1441 537; x_wconf 84' lang='grc' dir='ltr'><strong><em>τὸν</em></strong></span> <span class='ocrx_word' id='word_1_49' title='bbox 1478 497 1620 549; x_wconf 76' lang='grc' dir='ltr'><strong><em>πικρῶς</em></strong></span> <span class='ocrx_word' id='word_1_50' title='bbox 1654 495 1908 551; x_wconf 75' lang='grc' dir='ltr'><strong><em>ῢπέρπικρον,</em></strong></span> <span class='ocrx_word' id='word_1_51' title='bbox 1936 527 1986 534; x_wconf 81' lang='grc'><strong>-</strong></span> 
     </span>
    </p>
   </div>
   <div class='ocr_carea' id='block_1_4' title="bbox 227 626 2331 773">
    <p class='ocr_par' dir='ltr' id='par_1_4' title="bbox 227 626 2331 773">
     <span class='ocr_line' id='line_1_6' title="bbox 410 626 2331 674; baseline -0.003 0"><span class='ocrx_word' id='word_1_52' title='bbox 410 638 582 674; x_wconf 88' lang='lat' dir='ltr'>Omnium</span> <span class='ocrx_word' id='word_1_53' title='bbox 624 640 743 672; x_wconf 84' lang='lat' dir='ltr'>autem</span> <span class='ocrx_word' id='word_1_54' title='bbox 787 632 995 670; x_wconf 82' lang='lat' dir='ltr'>difficillimi</span> <span class='ocrx_word' id='word_1_55' title='bbox 1034 631 1176 669; x_wconf 86' lang='lat' dir='ltr'>criticis</span> <span class='ocrx_word' id='word_1_56' title='bbox 1216 629 1287 667; x_wconf 78' lang='lat' dir='ltr'>visi</span> <span class='ocrx_word' id='word_1_57' title='bbox 1326 634 1413 667; x_wconf 89' lang='lat' dir='ltr'>sunt</span> <span class='ocrx_word' id='word_1_58' title='bbox 1451 628 1568 667; x_wconf 89' lang='lat' dir='ltr'>ultimi</span> <span class='ocrx_word' id='word_1_59' title='bbox 1604 626 1775 667; x_wconf 89' lang='lat' dir='ltr'>eiusdem</span> <span class='ocrx_word' id='word_1_60' title='bbox 1806 631 1984 670; x_wconf 85' lang='lat' dir='ltr'>carminis</span> <span class='ocrx_word' id='word_1_61' title='bbox 2013 643 2149 671; x_wconf 88' lang='lat' dir='ltr'>versus</span> <span class='ocrx_word' id='word_1_62' title='bbox 2182 632 2331 670; x_wconf 67' lang='lat'>344-</span> 
     </span>
     <span class='ocr_line' id='line_1_7' title="bbox 227 710 2330 773; baseline -0.005 -11"><span class='ocrx_word' id='word_1_63' title='bbox 227 727 297 772; x_wconf 71' lang='grc'>49,</span> <span class='ocrx_word' id='word_1_64' title='bbox 329 722 465 773; x_wconf 87' lang='lat' dir='ltr'>quibus</span> <span class='ocrx_word' id='word_1_65' title='bbox 499 719 702 757; x_wconf 85' lang='lat' dir='ltr'>miserrima</span> <span class='ocrx_word' id='word_1_66' title='bbox 735 716 923 766; x_wconf 84' lang='lat' dir='ltr'>virginum</span> <span class='ocrx_word' id='word_1_67' title='bbox 956 715 994 754; x_wconf 89' lang='lat' dir='ltr'>in</span> <span class='ocrx_word' id='word_1_68' title='bbox 1026 715 1247 753; x_wconf 84' lang='lat' dir='ltr'>servitutem</span> <span class='ocrx_word' id='word_1_69' title='bbox 1279 712 1524 752; x_wconf 73' lang='lat' dir='ltr'>abducturum</span> <span class='ocrx_word' id='word_1_70' title='bbox 1556 723 1640 751; x_wconf 88' lang='lat' dir='ltr'>sors</span> <span class='ocrx_word' id='word_1_71' title='bbox 1674 710 1914 753; x_wconf 78' lang='lat' dir='ltr'><strong>describitur.</strong></span> <span class='ocrx_word' id='word_1_72' title='bbox 1980 715 2052 761; x_wconf 86' lang='lat' dir='ltr'>Qui</span> <span class='ocrx_word' id='word_1_73' title='bbox 2083 726 2217 755; x_wconf 84' lang='lat' dir='ltr'>versus</span> <span class='ocrx_word' id='word_1_74' title='bbox 2247 725 2330 754; x_wconf 92' lang='lat' dir='ltr'>cum</span> 
     </span>
    </p>
   </div>
   <div class='ocr_carea' id='block_1_5' title="bbox 224 800 1057 849">
    <p class='ocr_par' dir='ltr' id='par_1_5' title="bbox 224 800 1057 849">
     <span class='ocr_line' id='line_1_8' title="bbox 224 800 1057 849; baseline -0.016 -1"><span class='ocrx_word' id='word_1_75' title='bbox 224 813 261 849; x_wconf 88' lang='lat' dir='ltr'>in</span> <span class='ocrx_word' id='word_1_76' title='bbox 295 806 466 846; x_wconf 90' lang='lat' dir='ltr'>omnibus</span> <span class='ocrx_word' id='word_1_77' title='bbox 499 803 602 841; x_wconf 86' lang='lat' dir='ltr'>libris</span> <span class='ocrx_word' id='word_1_78' title='bbox 635 802 691 839; x_wconf 89' lang='lat' dir='ltr'>sic</span> <span class='ocrx_word' id='word_1_79' title='bbox 723 800 850 849; x_wconf 86' lang='lat' dir='ltr'>scripti</span> <span class='ocrx_word' id='word_1_80' title='bbox 886 802 1057 837; x_wconf 86' lang='lat' dir='ltr'>exstent:</span> 
     </span>
    </p>
   </div>
   <div class='ocr_carea' id='block_1_6' title="bbox 776 908 1506 1327">
    <p class='ocr_par' dir='ltr' id='par_1_6' title="bbox 776 908 1451 1182">
     <span class='ocr_line' id='line_1_9' title="bbox 783 908 1451 962; baseline -0.003 -13"><span class='ocrx_word' id='word_1_81' title='bbox 783 909 946 962; x_wconf 79' lang='grc' dir='ltr'><strong><em>δμωΐδες</em></strong></span> <span class='ocrx_word' id='word_1_82' title='bbox 973 908 1015 949; x_wconf 80' lang='grc' dir='ltr'>δὲ</span> <span class='ocrx_word' id='word_1_83' title='bbox 1043 908 1330 962; x_wconf 78' lang='grc' dir='ltr'><strong><em>καινοπήμονες</em></strong></span> <span class='ocrx_word' id='word_1_84' title='bbox 1355 911 1451 956; x_wconf 79' lang='grc' dir='ltr'><strong><em>νέαι,</em></strong></span> 
     </span>
     <span class='ocr_line' id='line_1_10' title="bbox 776 983 1380 1035; baseline -0.002 -12"><span class='ocrx_word' id='word_1_85' title='bbox 776 984 963 1035; x_wconf 78' lang='grc' dir='ltr'><strong><em>τλήμονες</em></strong></span> <span class='ocrx_word' id='word_1_86' title='bbox 989 983 1109 1024; x_wconf 75' lang='grc' dir='ltr'><strong><em>εὐνὰν</em></strong></span> <span class='ocrx_word' id='word_1_87' title='bbox 1138 983 1380 1034; x_wconf 81' lang='grc' dir='ltr'><strong><em>αἷχμάλωτον</em></strong></span> 
     </span>
     <span class='ocr_line' id='line_1_11' title="bbox 782 1056 1290 1108; baseline -0.002 -12"><span class='ocrx_word' id='word_1_88' title='bbox 782 1057 927 1108; x_wconf 69' lang='grc' dir='ltr'><strong><em>ἀνδρὸς</em></strong></span> <span class='ocrx_word' id='word_1_89' title='bbox 953 1056 1213 1107; x_wconf 74' lang='grc' dir='ltr'><strong><em>εὐτυχοῦντος,</em></strong></span> <span class='ocrx_word' id='word_1_90' title='bbox 1240 1056 1290 1102; x_wconf 84' lang='grc' dir='ltr'>ὥς</span> 
     </span>
     <span class='ocr_line' id='line_1_12' title="bbox 781 1131 1232 1182; baseline -0.002 -11"><span class='ocrx_word' id='word_1_91' title='bbox 781 1133 986 1182; x_wconf 77' lang='grc' dir='ltr'><strong><em>δυςμενοῦς</em></strong></span> <span class='ocrx_word' id='word_1_92' title='bbox 1013 1131 1232 1182; x_wconf 80' lang='grc' dir='ltr'><strong><em>ὑπερτέρου.</em></strong></span> 
     </span>
    </p>

    <p class='ocr_par' dir='ltr' id='par_1_7' title="bbox 779 1203 1506 1327">
     <span class='ocr_line' id='line_1_13' title="bbox 780 1203 1506 1255; baseline -0.003 -10"><span class='ocrx_word' id='word_1_93' title='bbox 780 1206 892 1252; x_wconf 80' lang='grc' dir='ltr'><strong><em>ἐλπίς</em></strong></span> <span class='ocrx_word' id='word_1_94' title='bbox 918 1205 995 1244; x_wconf 75' lang='grc' dir='ltr'><strong><em>ἐστι</em></strong></span> <span class='ocrx_word' id='word_1_95' title='bbox 1022 1205 1203 1255; x_wconf 75' lang='grc' dir='ltr'><strong><em>νύκτερον</em></strong></span> <span class='ocrx_word' id='word_1_96' title='bbox 1228 1203 1336 1251; x_wconf 81' lang='grc' dir='ltr'><strong><em>τέλος</em></strong></span> <span class='ocrx_word' id='word_1_97' title='bbox 1360 1204 1506 1255; x_wconf 78' lang='grc' dir='ltr'><strong><em>μολεῖν,</em></strong></span> 
     </span>
     <span class='ocr_line' id='line_1_14' title="bbox 779 1277 1469 1327; baseline 0 -10"><span class='ocrx_word' id='word_1_98' title='bbox 779 1279 1036 1327; x_wconf 76' lang='grc' dir='ltr'><strong><em>παγκλαύτων</em></strong></span> <span class='ocrx_word' id='word_1_99' title='bbox 1063 1277 1211 1326; x_wconf 75' lang='grc' dir='ltr'><strong><em>ιῖλγέων</em></strong></span> <span class='ocrx_word' id='word_1_100' title='bbox 1235 1277 1469 1327; x_wconf 74' lang='grc' dir='ltr'><strong><em>ἐπίρροθον.</em></strong></span> 
     </span>
    </p>
   </div>
   <div class='ocr_carea' id='block_1_7' title="bbox 215 1390 2329 1614">
    <p class='ocr_par' dir='ltr' id='par_1_8' title="bbox 215 1390 2329 1614">
     <span class='ocr_line' id='line_1_15' title="bbox 216 1390 2329 1448; baseline -0.003 -9"><span class='ocrx_word' id='word_1_101' title='bbox 216 1413 290 1438; x_wconf 90' lang='lat' dir='ltr'>non</span> <span class='ocrx_word' id='word_1_102' title='bbox 329 1402 455 1448; x_wconf 82' lang='lat' dir='ltr'>potest</span> <span class='ocrx_word' id='word_1_103' title='bbox 500 1406 587 1432; x_wconf 84' lang='lat' dir='ltr'>osso</span> <span class='ocrx_word' id='word_1_104' title='bbox 628 1392 779 1430; x_wconf 84' lang='lat' dir='ltr'>dubium</span> <span class='ocrx_word' id='word_1_105' title='bbox 822 1393 909 1440; x_wconf 89' lang='lat' dir='ltr'>quin</span> <span class='ocrx_word' id='word_1_106' title='bbox 957 1390 1149 1428; x_wconf 87' lang='lat' dir='ltr'>secundus</span> <span class='ocrx_word' id='word_1_107' title='bbox 1187 1390 1365 1439; x_wconf 85' lang='lat' dir='ltr'>gravibus</span> <span class='ocrx_word' id='word_1_108' title='bbox 1408 1391 1505 1427; x_wconf 82' lang='lat' dir='ltr'>vitiis</span> <span class='ocrx_word' id='word_1_109' title='bbox 1543 1391 1759 1440; x_wconf 82' lang='lat' dir='ltr'>inquinatus</span> <span class='ocrx_word' id='word_1_110' title='bbox 1801 1392 1849 1430; x_wconf 90' lang='lat' dir='ltr'>sit</span> <span class='ocrx_word' id='word_1_111' title='bbox 1886 1393 1947 1430; x_wconf 75' lang='lat' dir='ltr'>vel</span> <span class='ocrx_word' id='word_1_112' title='bbox 1987 1398 2188 1442; x_wconf 87' lang='lat' dir='ltr'>propterea</span> <span class='ocrx_word' id='word_1_113' title='bbox 2227 1395 2329 1444; x_wconf 87' lang='lat' dir='ltr'>quod</span> 
     </span>
     <span class='ocr_line' id='line_1_16' title="bbox 216 1472 2327 1530; baseline -0.003 -8"><span class='ocrx_word' id='word_1_114' title='bbox 216 1497 262 1522; x_wconf 87' lang='lat' dir='ltr'>ne</span> <span class='ocrx_word' id='word_1_115' title='bbox 296 1480 505 1530; x_wconf 73' lang='lat' dir='ltr'>respondet</span> <span class='ocrx_word' id='word_1_116' title='bbox 544 1476 696 1527; x_wconf 80' lang='lat' dir='ltr'>quidem</span> <span class='ocrx_word' id='word_1_117' title='bbox 737 1476 862 1513; x_wconf 65' lang='lat' dir='ltr'>versui</span> <span class='ocrx_word' id='word_1_118' title='bbox 895 1474 1086 1523; x_wconf 84' lang='lat' dir='ltr'>strophico</span> <span class='ocrx_word' id='word_1_119' title='bbox 1128 1472 1174 1511; x_wconf 87' lang='lat' dir='ltr'>ab</span> <span class='ocrx_word' id='word_1_120' title='bbox 1208 1473 1308 1510; x_wconf 90' lang='lat' dir='ltr'>omni</span> <span class='ocrx_word' id='word_1_121' title='bbox 1341 1472 1620 1522; x_wconf 74' lang='lat' dir='ltr'>depravationis</span> <span class='ocrx_word' id='word_1_122' title='bbox 1661 1474 1879 1525; x_wconf 87' lang='lat' dir='ltr'><strong>suspicione</strong></span> <span class='ocrx_word' id='word_1_123' title='bbox 1918 1480 1960 1514; x_wconf 76' lang='lat' dir='ltr'>ut</span> <span class='ocrx_word' id='word_1_124' title='bbox 1998 1476 2147 1515; x_wconf 85' lang='lat' dir='ltr'>videtur</span> <span class='ocrx_word' id='word_1_125' title='bbox 2185 1477 2327 1516; x_wconf 86' lang='lat' dir='ltr'>libero:</span> 
     </span>
     <span class='ocr_line' id='line_1_17' title="bbox 215 1556 2329 1614; baseline 0.001 -18"><span class='ocrx_word' id='word_1_126' title='bbox 215 1560 398 1614; x_wconf 66' lang='grc' dir='ltr'><strong><em>ξυμβολεῖ</em></strong></span> <span class='ocrx_word' id='word_1_127' title='bbox 429 1560 557 1610; x_wconf 76' lang='grc' dir='ltr'><strong><em>φέρων</em></strong></span> <span class='ocrx_word' id='word_1_128' title='bbox 594 1557 765 1606; x_wconf 67' lang='grc' dir='ltr'><strong><em>φέρονιι,</em></strong></span> <span class='ocrx_word' id='word_1_129' title='bbox 820 1560 1055 1607; x_wconf 76' lang='lat' dir='ltr'>Quapropter</span> <span class='ocrx_word' id='word_1_130' title='bbox 1087 1557 1322 1595; x_wconf 73' lang='lat' dir='ltr'>normannus</span> <span class='ocrx_word' id='word_1_131' title='bbox 1365 1556 1566 1595; x_wconf 79' lang='lat' dir='ltr'>emendato</span> <span class='ocrx_word' id='word_1_132' title='bbox 1601 1569 1711 1596; x_wconf 73' lang='lat' dir='ltr'>vorsu</span> <span class='ocrx_word' id='word_1_133' title='bbox 1754 1558 2024 1609; x_wconf 82' lang='lat' dir='ltr'>antistrophico</span> <span class='ocrx_word' id='word_1_134' title='bbox 2056 1564 2171 1599; x_wconf 89' lang='lat' dir='ltr'>totum</span> <span class='ocrx_word' id='word_1_135' title='bbox 2205 1560 2329 1600; x_wconf 90' lang='lat' dir='ltr'>locum</span> 
     </span>
    </p>
   </div>
   <div class='ocr_carea' id='block_1_8' title="bbox 215 1647 852 1691">
    <p class='ocr_par' dir='ltr' id='par_1_9' title="bbox 215 1647 852 1691">
     <span class='ocr_line' id='line_1_18' title="bbox 215 1647 852 1691; baseline -0.017 0"><span class='ocrx_word' id='word_1_136' title='bbox 215 1654 269 1691; x_wconf 86' lang='lat' dir='ltr'>sic</span> <span class='ocrx_word' id='word_1_137' title='bbox 302 1647 546 1689; x_wconf 78' lang='lat' dir='ltr'>scribendum</span> <span class='ocrx_word' id='word_1_138' title='bbox 581 1656 667 1683; x_wconf 83' lang='lat' dir='ltr'>esse</span> <span class='ocrx_word' id='word_1_139' title='bbox 701 1648 852 1683; x_wconf 65' lang='lat' dir='ltr'>censet:</span> 
     </span>
    </p>
   </div>
   <div class='ocr_carea' id='block_1_9' title="bbox 779 1751 1506 2103">
    <p class='ocr_par' dir='ltr' id='par_1_10' title="bbox 779 1751 1430 2028">
     <span class='ocr_line' id='line_1_19' title="bbox 779 1751 1430 1804; baseline 0 -12"><span class='ocrx_word' id='word_1_140' title='bbox 779 1753 937 1804; x_wconf 68' lang='grc' dir='ltr'><strong><em>δμωίδες</em></strong></span> <span class='ocrx_word' id='word_1_141' title='bbox 963 1751 1005 1791; x_wconf 73' lang='grc' dir='ltr'>δὲ</span> <span class='ocrx_word' id='word_1_142' title='bbox 1033 1752 1319 1804; x_wconf 80' lang='grc' dir='ltr'><strong><em>καινοπήμονες</em></strong></span> <span class='ocrx_word' id='word_1_143' title='bbox 1343 1755 1430 1794; x_wconf 73' lang='grc' dir='ltr'><strong><em>νέαι</em></strong></span> 
     </span>
     <span class='ocr_line' id='line_1_20' title="bbox 779 1825 1376 1881; baseline 0 -13"><span class='ocrx_word' id='word_1_144' title='bbox 779 1829 951 1881; x_wconf 75' lang='grc' dir='ltr'><strong><em>τλῆμον</em></strong></span> <span class='ocrx_word' id='word_1_145' title='bbox 978 1825 1105 1866; x_wconf 80' lang='grc' dir='ltr'><strong><em>αἷσιν</em></strong></span> <span class='ocrx_word' id='word_1_146' title='bbox 1133 1827 1376 1880; x_wconf 76' lang='grc' dir='ltr'><strong><em>αἷχμάλαηον</em></strong></span> 
     </span>
     <span class='ocr_line' id='line_1_21' title="bbox 782 1899 1285 1953; baseline -0.002 -12"><span class='ocrx_word' id='word_1_147' title='bbox 782 1902 923 1953; x_wconf 68' lang='grc' dir='ltr'><strong><em>ἀνδρὸς</em></strong></span> <span class='ocrx_word' id='word_1_148' title='bbox 950 1899 1210 1952; x_wconf 65' lang='grc' dir='ltr'><strong><em>εὐτυχοῦντος,</em></strong></span> <span class='ocrx_word' id='word_1_149' title='bbox 1237 1901 1285 1950; x_wconf 85' lang='grc' dir='ltr'>ὠς</span> 
     </span>
     <span class='ocr_line' id='line_1_22' title="bbox 781 1975 1221 2028; baseline 0.002 -13"><span class='ocrx_word' id='word_1_150' title='bbox 781 1976 987 2027; x_wconf 46' lang='lat' dir='ltr'>dig-ymo&amp;</span> <span class='ocrx_word' id='word_1_151' title='bbox 1014 1975 1221 2028; x_wconf 59' lang='grc' dir='ltr'><strong><em>ὑπερτέρου</em></strong></span> 
     </span>
    </p>

    <p class='ocr_par' dir='ltr' id='par_1_11' title="bbox 780 2050 1506 2103">
     <span class='ocr_line' id='line_1_23' title="bbox 780 2050 1506 2103; baseline 0.004 -15"><span class='ocrx_word' id='word_1_152' title='bbox 780 2051 892 2095; x_wconf 70' lang='grc' dir='ltr'><strong><em>ἐλπίς</em></strong></span> <span class='ocrx_word' id='word_1_153' title='bbox 919 2050 993 2087; x_wconf 72' lang='grc' dir='ltr'>ἐστι</span> <span class='ocrx_word' id='word_1_154' title='bbox 1024 2051 1203 2102; x_wconf 74' lang='grc' dir='ltr'><strong><em>νύκτερον</em></strong></span> <span class='ocrx_word' id='word_1_155' title='bbox 1228 2052 1336 2098; x_wconf 81' lang='grc' dir='ltr'><strong><em>τέλος</em></strong></span> <span class='ocrx_word' id='word_1_156' title='bbox 1360 2053 1506 2103; x_wconf 71' lang='grc' dir='ltr'><strong><em>μολεῖν,</em></strong></span> 
     </span>
    </p>
   </div>
   <div class='ocr_carea' id='block_1_10' title="bbox 779 2122 1470 2176">
    <p class='ocr_par' dir='ltr' id='par_1_12' title="bbox 779 2122 1470 2176">
     <span class='ocr_line' id='line_1_24' title="bbox 779 2122 1470 2176; baseline 0.003 -12"><span class='ocrx_word' id='word_1_157' title='bbox 779 2125 1037 2173; x_wconf 73' lang='grc' dir='ltr'><strong><em>παγκλαύτων</em></strong></span> <span class='ocrx_word' id='word_1_158' title='bbox 1064 2122 1211 2173; x_wconf 74' lang='grc' dir='ltr'><strong><em>ἀλγέων</em></strong></span> <span class='ocrx_word' id='word_1_159' title='bbox 1238 2125 1470 2176; x_wconf 75' lang='grc' dir='ltr'><strong><em>ἐπίρροθον.</em></strong></span> 
     </span>
    </p>
   </div>
   <div class='ocr_carea' id='block_1_11' title="bbox 216 2238 2327 2797">
    <p class='ocr_par' dir='ltr' id='par_1_13' title="bbox 216 2238 2327 2797">
     <span class='ocr_line' id='line_1_25' title="bbox 216 2238 2327 2294; baseline -0.004 -8"><span class='ocrx_word' id='word_1_160' title='bbox 216 2247 339 2286; x_wconf 87' lang='lat' dir='ltr'>addita</span> <span class='ocrx_word' id='word_1_161' title='bbox 363 2245 435 2283; x_wconf 88' lang='lat' dir='ltr'>hac</span> <span class='ocrx_word' id='word_1_162' title='bbox 460 2243 610 2294; x_wconf 86' lang='lat' dir='ltr'>quidem</span> <span class='ocrx_word' id='word_1_163' title='bbox 637 2241 970 2291; x_wconf 74' lang='lat' dir='ltr'>interpretatione:</span> <span class='ocrx_word' id='word_1_164' title='bbox 1004 2251 1126 2278; x_wconf 84' lang='lat' dir='ltr'>novo</span> <span class='ocrx_word' id='word_1_165' title='bbox 1158 2238 1331 2278; x_wconf 87' lang='lat' dir='ltr'>dolore</span> <span class='ocrx_word' id='word_1_166' title='bbox 1363 2242 1570 2281; x_wconf 86' lang='lat' dir='ltr'>iuvenes</span> <span class='ocrx_word' id='word_1_167' title='bbox 1602 2254 1777 2280; x_wconf 86' lang='lat' dir='ltr'>servae</span> <span class='ocrx_word' id='word_1_168' title='bbox 1808 2242 2121 2293; x_wconf 77' lang='lat' dir='ltr'>affliguntur,</span> <span class='ocrx_word' id='word_1_169' title='bbox 2155 2245 2327 2294; x_wconf 80' lang='lat' dir='ltr'>quibus</span> 
     </span>
     <span class='ocr_line' id='line_1_26' title="bbox 216 2323 2326 2380; baseline -0.007 -11"><span class='ocrx_word' id='word_1_170' title='bbox 216 2342 327 2380; x_wconf 86' lang='lat' dir='ltr'>spes</span> <span class='ocrx_word' id='word_1_171' title='bbox 358 2334 434 2367; x_wconf 88' lang='lat' dir='ltr'>est</span> <span class='ocrx_word' id='word_1_172' title='bbox 466 2329 512 2372; x_wconf 87' lang='lat' dir='ltr'>(i.</span> <span class='ocrx_word' id='word_1_173' title='bbox 546 2339 580 2364; x_wconf 86' lang='lat' dir='ltr'>e.</span> <span class='ocrx_word' id='word_1_174' title='bbox 615 2323 910 2375; x_wconf 80' lang='lat' dir='ltr'>exspectandum</span> <span class='ocrx_word' id='word_1_175' title='bbox 945 2326 1024 2367; x_wconf 89' lang='lat' dir='ltr'>est)</span> <span class='ocrx_word' id='word_1_176' title='bbox 1066 2328 1318 2362; x_wconf 77' lang='lat' dir='ltr'>venturum</span> <span class='ocrx_word' id='word_1_177' title='bbox 1358 2336 1469 2363; x_wconf 88' lang='lat' dir='ltr'>esse</span> <span class='ocrx_word' id='word_1_178' title='bbox 1508 2327 1732 2365; x_wconf 86' lang='lat' dir='ltr'>miserum</span> <span class='ocrx_word' id='word_1_179' title='bbox 1765 2327 2006 2376; x_wconf 85' lang='lat' dir='ltr'>captivum</span> <span class='ocrx_word' id='word_1_180' title='bbox 2040 2332 2326 2367; x_wconf 66' lang='lat' dir='ltr'>nocturnum</span> 
     </span>
     <span class='ocr_line' id='line_1_27' title="bbox 218 2406 2327 2460; baseline -0.001 -8"><span class='ocrx_word' id='word_1_181' title='bbox 218 2415 440 2452; x_wconf 83' lang='lat' dir='ltr'>officium</span> <span class='ocrx_word' id='word_1_182' title='bbox 473 2412 565 2448; x_wconf 86' lang='lat' dir='ltr'>viri</span> <span class='ocrx_word' id='word_1_183' title='bbox 599 2411 819 2455; x_wconf 82' lang='lat' dir='ltr'>victoris,</span> <span class='ocrx_word' id='word_1_184' title='bbox 852 2412 900 2446; x_wconf 89' lang='lat' dir='ltr'>ut</span> <span class='ocrx_word' id='word_1_185' title='bbox 932 2408 1180 2457; x_wconf 87' lang='lat' dir='ltr'>gravioris</span> <span class='ocrx_word' id='word_1_186' title='bbox 1209 2406 1367 2449; x_wconf 84' lang='lat' dir='ltr'>hostis</span> <span class='ocrx_word' id='word_1_187' title='bbox 1401 2408 1483 2454; x_wconf 85' lang='lat' dir='ltr'>(vel</span> <span class='ocrx_word' id='word_1_188' title='bbox 1518 2414 1566 2447; x_wconf 91' lang='lat' dir='ltr'>ut</span> <span class='ocrx_word' id='word_1_189' title='bbox 1594 2410 1845 2460; x_wconf 84' lang='lat' dir='ltr'>gravioris</span> <span class='ocrx_word' id='word_1_190' title='bbox 1878 2410 2054 2456; x_wconf 83' lang='lat' dir='ltr'>hoste),</span> <span class='ocrx_word' id='word_1_191' title='bbox 2094 2410 2327 2450; x_wconf 82' lang='lat' dir='ltr'>adiuvans</span> 
     </span>
     <span class='ocr_line' id='line_1_28' title="bbox 218 2491 2326 2548; baseline -0.002 -12"><span class='ocrx_word' id='word_1_192' title='bbox 218 2504 358 2548; x_wconf 82' lang='lat' dir='ltr'>atque</span> <span class='ocrx_word' id='word_1_193' title='bbox 390 2505 575 2546; x_wconf 84' lang='lat' dir='ltr'>augens</span> <span class='ocrx_word' id='word_1_194' title='bbox 609 2494 849 2531; x_wconf 83' lang='lat' dir='ltr'><strong>lacrimas.</strong></span> <span class='ocrx_word' id='word_1_195' title='bbox 916 2491 1034 2536; x_wconf 83' lang='lat' dir='ltr'>Quam</span> <span class='ocrx_word' id='word_1_196' title='bbox 1066 2492 1414 2543; x_wconf 79' lang='lat' dir='ltr'>interpretationem</span> <span class='ocrx_word' id='word_1_197' title='bbox 1456 2498 1495 2532; x_wconf 85' lang='lat' dir='ltr'>ut</span> <span class='ocrx_word' id='word_1_198' title='bbox 1535 2494 1663 2533; x_wconf 90' lang='lat' dir='ltr'>duram</span> <span class='ocrx_word' id='word_1_199' title='bbox 1697 2500 1809 2545; x_wconf 89' lang='lat' dir='ltr'>atque</span> <span class='ocrx_word' id='word_1_200' title='bbox 1842 2494 2029 2532; x_wconf 80' lang='lat' dir='ltr'>inficetam</span> <span class='ocrx_word' id='word_1_201' title='bbox 2062 2494 2144 2532; x_wconf 88' lang='lat' dir='ltr'>iure</span> <span class='ocrx_word' id='word_1_202' title='bbox 2177 2495 2326 2544; x_wconf 88' lang='lat' dir='ltr'>quidem</span> 
     </span>
     <span class='ocr_line' id='line_1_29' title="bbox 219 2577 2325 2631; baseline -0.001 -11"><span class='ocrx_word' id='word_1_203' title='bbox 219 2578 680 2631; x_wconf 84' lang='lat' dir='ltr'>improbavitWelckerus</span> <span class='ocrx_word' id='word_1_204' title='bbox 712 2577 735 2614; x_wconf 92' lang='lat' dir='ltr'>l.</span> <span class='ocrx_word' id='word_1_205' title='bbox 756 2591 787 2615; x_wconf 90' lang='lat' dir='ltr'>c.</span> <span class='ocrx_word' id='word_1_206' title='bbox 822 2590 856 2626; x_wconf 90' lang='lat' dir='ltr'>p.</span> <span class='ocrx_word' id='word_1_207' title='bbox 880 2577 980 2615; x_wconf 83' lang='lat'><strong>189.</strong></span> <span class='ocrx_word' id='word_1_208' title='bbox 1000 2588 1070 2626; x_wconf 60' lang='lat' dir='ltr'>sq„</span> <span class='ocrx_word' id='word_1_209' title='bbox 1102 2577 1171 2614; x_wconf 86' lang='lat' dir='ltr'>sed</span> <span class='ocrx_word' id='word_1_210' title='bbox 1201 2578 1283 2626; x_wconf 88' lang='lat' dir='ltr'>ipse</span> <span class='ocrx_word' id='word_1_211' title='bbox 1317 2590 1401 2615; x_wconf 88' lang='lat' dir='ltr'>cum</span> <span class='ocrx_word' id='word_1_212' title='bbox 1435 2578 1615 2617; x_wconf 79' lang='lat' dir='ltr'>librorum</span> <span class='ocrx_word' id='word_1_213' title='bbox 1648 2580 1873 2628; x_wconf 84' lang='lat' dir='ltr'>scripturam</span> <span class='ocrx_word' id='word_1_214' title='bbox 1890 2579 2066 2617; x_wconf 85' lang='lat' dir='ltr'>intactam</span> <span class='ocrx_word' id='word_1_215' title='bbox 2097 2579 2325 2629; x_wconf 84' lang='lat' dir='ltr'>reliquisset,</span> 
     </span>
     <span class='ocr_line' id='line_1_30' title="bbox 221 2655 2327 2715; baseline 0 -13"><span class='ocrx_word' id='word_1_216' title='bbox 221 2667 290 2703; x_wconf 85' lang='lat' dir='ltr'>nisi</span> <span class='ocrx_word' id='word_1_217' title='bbox 321 2666 421 2715; x_wconf 86' lang='lat' dir='ltr'>quod</span> <span class='ocrx_word' id='word_1_218' title='bbox 455 2677 523 2714; x_wconf 88' lang='lat' dir='ltr'>pro</span> <span class='ocrx_word' id='word_1_219' title='bbox 557 2657 608 2705; x_wconf 82' lang='grc' dir='ltr'>ὥς</span> <span class='ocrx_word' id='word_1_220' title='bbox 638 2674 722 2701; x_wconf 88' lang='lat' dir='ltr'>cum</span> <span class='ocrx_word' id='word_1_221' title='bbox 756 2661 908 2700; x_wconf 85' lang='lat' dir='ltr'>Bullero</span> <span class='ocrx_word' id='word_1_222' title='bbox 941 2655 1002 2703; x_wconf 76' lang='grc' dir='ltr'>αἷς</span> <span class='ocrx_word' id='word_1_223' title='bbox 1041 2662 1211 2711; x_wconf 83' lang='lat' dir='ltr'>scripsit,</span> <span class='ocrx_word' id='word_1_224' title='bbox 1253 2674 1326 2701; x_wconf 88' lang='lat' dir='ltr'>nec</span> <span class='ocrx_word' id='word_1_225' title='bbox 1365 2664 1557 2702; x_wconf 84' lang='lat' dir='ltr'>metricam</span> <span class='ocrx_word' id='word_1_226' title='bbox 1597 2664 1853 2702; x_wconf 76' lang='lat' dir='ltr'>difficultatem</span> <span class='ocrx_word' id='word_1_227' title='bbox 1894 2675 1928 2701; x_wconf 86' lang='lat' dir='ltr'>v.</span> <span class='ocrx_word' id='word_1_228' title='bbox 1961 2662 2049 2701; x_wconf 72' lang='lat'>345</span> <span class='ocrx_word' id='word_1_229' title='bbox 2090 2665 2250 2702; x_wconf 78' lang='lat' dir='ltr'>removit</span> <span class='ocrx_word' id='word_1_230' title='bbox 2290 2669 2327 2702; x_wconf 85' lang='lat' dir='ltr'>et</span> 
     </span>
     <span class='ocr_line' id='line_1_31' title="bbox 221 2738 2324 2797; baseline -0.01 -12"><span class='ocrx_word' id='word_1_231' title='bbox 221 2750 257 2785; x_wconf 91' lang='lat' dir='ltr'>in</span> <span class='ocrx_word' id='word_1_232' title='bbox 289 2748 569 2797; x_wconf 81' lang='lat' dir='ltr'>interpretando</span> <span class='ocrx_word' id='word_1_233' title='bbox 604 2747 722 2785; x_wconf 77' lang='lat' dir='ltr'>verbo</span> <span class='ocrx_word' id='word_1_234' title='bbox 756 2738 1003 2790; x_wconf 75' lang='grc' dir='ltr'><strong><em>εὔτυχοῦντος</em></strong></span> <span class='ocrx_word' id='word_1_235' title='bbox 1040 2744 1155 2783; x_wconf 85' lang='lat' dir='ltr'>salsus</span> <span class='ocrx_word' id='word_1_236' title='bbox 1188 2750 1257 2783; x_wconf 81' lang='lat' dir='ltr'>est.</span> <span class='ocrx_word' id='word_1_237' title='bbox 1323 2744 1452 2784; x_wconf 77' lang='lat' dir='ltr'>Verbo</span> <span class='ocrx_word' id='word_1_238' title='bbox 1492 2747 1590 2784; x_wconf 67' lang='lat' dir='ltr'>enim</span> <span class='ocrx_word' id='word_1_239' title='bbox 1631 2739 1879 2791; x_wconf 61' lang='lat' dir='ltr'>efinvxofimg</span> <span class='ocrx_word' id='word_1_240' title='bbox 1916 2757 1993 2785; x_wconf 75' lang='lat' dir='ltr'>non</span> <span class='ocrx_word' id='word_1_241' title='bbox 2025 2756 2140 2795; x_wconf 71' lang='lat' dir='ltr'>posse</span> <span class='ocrx_word' id='word_1_242' title='bbox 2178 2747 2324 2796; x_wconf 61' lang='lat' dir='ltr'>simpli,</span> 
     </span>
    </p>
   </div>
   <div class='ocr_carea' id='block_1_12' title="bbox 223 2828 2323 2879">
    <p class='ocr_par' dir='ltr' id='par_1_14' title="bbox 223 2828 2323 2879">
     <span class='ocr_line' id='line_1_32' title="bbox 223 2828 2323 2879; baseline -0.001 -10"><span class='ocrx_word' id='word_1_243' title='bbox 223 2832 317 2869; x_wconf 86' lang='lat' dir='ltr'>citer</span> <span class='ocrx_word' id='word_1_244' title='bbox 350 2831 423 2868; x_wconf 90' lang='lat' dir='ltr'>dici</span> <span class='ocrx_word' id='word_1_245' title='bbox 456 2831 670 2879; x_wconf 84' lang='lat' dir='ltr'>opulentum</span> <span class='ocrx_word' id='word_1_246' title='bbox 712 2831 773 2869; x_wconf 81' lang='lat' dir='ltr'>vel</span> <span class='ocrx_word' id='word_1_247' title='bbox 805 2830 955 2868; x_wconf 81' lang='lat' dir='ltr'>felicem</span> <span class='ocrx_word' id='word_1_248' title='bbox 990 2833 1027 2867; x_wconf 86' lang='lat' dir='ltr'>et</span> <span class='ocrx_word' id='word_1_249' title='bbox 1060 2828 1253 2866; x_wconf 85' lang='lat' dir='ltr'>meliorem</span> <span class='ocrx_word' id='word_1_250' title='bbox 1287 2839 1375 2867; x_wconf 81' lang='lat' dir='ltr'>esse</span> <span class='ocrx_word' id='word_1_251' title='bbox 1408 2840 1542 2868; x_wconf 79' lang='lat' dir='ltr'>servae</span> <span class='ocrx_word' id='word_1_252' title='bbox 1577 2831 1840 2870; x_wconf 77' lang='lat' dir='ltr'>condicionem</span> <span class='ocrx_word' id='word_1_253' title='bbox 1873 2832 1911 2868; x_wconf 90' lang='lat' dir='ltr'>in</span> <span class='ocrx_word' id='word_1_254' title='bbox 1945 2829 2112 2878; x_wconf 89' lang='lat' dir='ltr'>opulenti</span> <span class='ocrx_word' id='word_1_255' title='bbox 2144 2842 2253 2879; x_wconf 84' lang='lat' dir='ltr'>quam</span> <span class='ocrx_word' id='word_1_256' title='bbox 2286 2831 2323 2867; x_wconf 90' lang='lat' dir='ltr'>in</span> 
     </span>
    </p>
   </div>
  </div>
 </body>
</html>
