2578 3231
1152 134 1422 179 ,5.-

228 271 377 321 passiva
410 276 515 310 esset
546 269 823 322 significatione
856 274 1093 320 usurpatum,
1132 272 1257 310 activa
1294 271 1472 310 alterum:
1521 270 1560 309 id
1592 272 1694 322 quod
1725 276 1868 310 tantum
1899 271 2010 310 abest
2049 277 2090 310 ut
2118 285 2249 313 verum
2282 277 2341 323 sit,

227 361 269 395 ut
299 356 389 394 mihi
420 355 573 406 quidem
604 359 805 405 utrumque
838 359 877 393 et
903 347 1152 401 α’ρπδρόποις
1187 360 1225 393 et
1255 348 1500 402 ὦμοδρόπων
1525 355 1745 407 languidum
1780 360 1819 393 et
1849 355 2018 394 ieiunum
2044 367 2133 394 esse
2158 358 2339 398 videatur.

227 438 374 479 Etenim
406 450 482 479 nec
513 438 648 478 iustam
681 437 955 488 oppositionem
988 438 1070 477 fieri
1103 442 1258 488 apparet
1286 437 1435 478 illorum
1468 438 1742 480 adiectivorum
1774 451 1848 479 nec
1879 440 2050 491 virgines
2092 439 2230 479 suflicit
2269 443 2341 482 dici

226 522 339 562 modo
381 527 529 574 carptas
569 520 644 562 hoc
681 521 790 572 loco,
831 535 907 575 quo
945 522 1112 564 nondum
1153 522 1278 563 adulta
1319 526 1443 562 aetate
1482 523 1544 564 vel
1577 524 1783 565 crudeliter
1816 529 1967 574 carptas
2000 536 2089 564 esse
2129 524 2188 563 vel
2221 526 2341 565 simile

225 606 314 658 quid
356 606 577 647 necessario
617 605 816 646 dicendum
856 613 949 648 erat.
1024 608 1210 655 Quocirca
1252 606 1465 646 emendatio
1504 607 1700 648 Ritschelii
1739 608 1835 649 Mus.
1878 608 1999 648 Rhen.
2043 614 2067 647 t.
2098 608 2125 646 l.
2168 620 2202 658 p.
2242 610 2339 648 143.

225 704 281 743 sq.
315 691 499 732 adiectiva
531 690 600 731 illa
625 691 851 743 corrigentis
883 698 922 733 et
952 694 1063 733 simul
1094 692 1373 741 transponentis
1404 691 1505 731 hunc
1537 694 1576 731 in
1608 693 1779 732 modum:

784 792 950 834 κλαυτὸν
977 792 1014 834 δ’
1040 792 1343 860 ὠμοδρόποις
1368 781 1664 844 άρτιτρὸπων

785 868 957 918 νομίμων
982 866 1270 918 προπάροιθεν
1295 864 1375 905 κτλ.

225 970 288 1002 aut
319 969 467 1002 servata
497 967 651 1015 pristina
683 966 955 1004 adiectivorum
987 967 1239 1004 collocatione
1270 977 1405 1004 versus
1435 966 1519 1004 illos
1552 968 1607 1003 sic
1640 967 1838 1008 scribentis

782 1065 948 1104 κλαυτὸν
984 1064 1022 1103 δ’
1048 1064 1348 1115 α’ρτιτρόπων
1379 1064 1685 1116 ὠμοδρόποις

781 1141 959 1190 νομίμων·
980 1139 1265 1190 προπάροιθεν
1300 1139 1380 1178 κτλ.

224 1249 435 1288 sententiae
465 1249 616 1300 quidem
656 1251 871 1302 integritate
910 1251 1009 1290 haud
1041 1251 1284 1291 mediocriter
1323 1251 1629 1299 commendatur,
1670 1251 1922 1290 dummodone
1964 1254 2079 1292 verba
2121 1249 2335 1303 διαμεῖψαι

221 1328 407 1382 δωμάτων
421 1327 607 1380 στυγερὰν
622 1327 718 1368 ὁδὸν
748 1334 795 1373 de
812 1340 933 1375 morte
949 1336 1137 1388 virginum
1155 1347 1240 1376 cum
1257 1336 1393 1376 eodem
1410 1335 1615 1377 RItschelio
1632 1336 1937 1386 interpretemur.
1979 1338 2054 1376 Sed
2072 1337 2160 1376 illud
2179 1349 2331 1389 quoque

222 1418 371 1459 accedit
401 1416 503 1470 quod
532 1416 660 1456 verbis
698 1410 911 1467 α’ρτίτροπα
948 1414 1096 1466 νόμιμα
1134 1420 1198 1458 vix
1237 1425 1295 1460 est
1334 1418 1519 1460 credibile
1557 1419 1764 1471 significari
1803 1431 1918 1470 posse
1956 1420 2161 1473 legitimum
2200 1420 2333 1459 matri-

220 1504 407 1542 monium:
439 1512 550 1553 quam
567 1501 821 1541 difficultatem
839 1514 888 1542 ne
906 1503 1105 1542 substituto
1122 1504 1274 1554 quidem
1291 1497 1542 1551 α’ρτιδρόπων
1565 1514 1635 1553 pro
1652 1497 1895 1551 ἆρτιτρόπων
1921 1506 2136 1554 expediisse
2158 1504 2331 1542 Prienius

218 1586 406 1638 putandus
424 1589 494 1625 est.
529 1585 849 1630 Quemadmodum
876 1588 974 1625 enim
991 1587 1142 1636 nuptiae
1175 1598 1248 1625 nec
1277 1580 1495 1634 α’ρτίτροπα
1528 1599 1600 1626 nec
1632 1580 1850 1634 ὦμόδροπα
1884 1583 2032 1634 νόμιμα
2067 1589 2140 1627 dici
2158 1593 2329 1638 possunt,

218 1672 268 1710 ita
299 1671 411 1709 etiam
440 1662 660 1716 ἆρήόροπα
695 1670 769 1708 dici
801 1670 954 1708 easdem
977 1681 1092 1720 posse
1124 1681 1236 1709 nemo
1262 1669 1373 1709 facile
1399 1670 1472 1709 sibi
1496 1672 1737 1721 persuadeat.
1802 1672 2005 1711 Pessimam
2023 1678 2147 1711 autem
2165 1672 2327 1711 omnium

217 1754 403 1793 rationem
431 1754 630 1804 ingressus
656 1758 713 1791 est
740 1753 994 1792 Franckenius
1035 1754 1083 1791 de
1113 1755 1227 1805 antiq.
1266 1754 1448 1804 Aeschyli
1488 1756 1684 1806 interpret.
1724 1768 1760 1806 p.
1794 1756 1887 1803 96„
1929 1758 1993 1806 qui
2026 1758 2195 1795 vitiosam
2227 1757 2328 1794 scri—

217 1844 363 1892 pturam
378 1828 624 1886 ἆρπτρόποις
639 1836 832 1889 amplexus
851 1849 935 1877 cum
952 1836 1048 1877 hanc
1064 1838 1411 1889 interpretationem
1428 1840 1711 1890 proposuisset:
1745 1838 1871 1879 flebile
1901 1839 2093 1890 pudicis
2119 1838 2327 1892 virginibus

217 1928 328 1962 ante
366 1922 634 1973 legitimum
683 1922 975 1961 matrimonii
1015 1927 1200 1972 tempus
1235 1923 1387 1962 domum
1426 1928 1573 1962 mutare
1612 1925 1734 1963 invisa
1773 1926 2006 1970 (servitutis)
2049 1927 2126 1963 via:
2176 1935 2325 1963 omnem

217 2009 291 2047 vim
323 2010 636 2057 venustatemque
677 2007 765 2046 huic
802 2007 890 2046 loco
930 2006 1074 2046 detrahi
1114 2019 1247 2057 passus
1287 2012 1356 2045 est.
1427 2006 1676 2046 Verissimum
1716 2010 1816 2047 enim
1855 2009 1943 2047 mihi
1985 2022 2070 2048 cum
2109 2009 2325 2047 Hermanno

215 2091 366 2131 videtur
393 2081 646 2138 ἇρτιδρόπθις
676 2096 925 2131 contestatum
964 2091 1055 2130 illud
1094 2104 1171 2130 non
1210 2092 1322 2130 modo
1362 2091 1468 2130 libris
1509 2097 1547 2130 et
1586 2091 1762 2139 scholiis,
1803 2093 1871 2132 sed
1904 2095 2014 2132 etiam
2055 2093 2101 2132 ab
2132 2093 2325 2132 Eustathio

217 2178 356 2226 Opusc.
392 2174 496 2223 335,
529 2174 608 2213 28:
641 2167 686 2210 ἒν
710 2169 921 2225 μετοπώρῳ
946 2168 993 2212 οὗ
1016 2169 1141 2222 μόνον
1166 2168 1325 2217 καινὸν,
1362 2168 1451 2217 ἐὰν,
1477 2168 1528 2218 ὥς
1553 2169 1577 2222 ἧ
1603 2173 1816 2223 παροιμία,
1852 2172 1983 2219 ἄνθος
2009 2170 2186 2228 ἆναφυῇ,
2221 2168 2326 2211 ἀλλὰ

214 2258 280 2295 καὶ
304 2252 377 2295 ἐὰν
401 2250 485 2294 κατ’
511 2253 712 2303 Αἰσχύλον
737 2251 1030 2306 ἆρτίδροπος
1054 2237 1193 2306 {inchoa
1219 2255 1408 2301 νεάζουσα
1433 2255 1621 2311 τρυγηθῇ.
1658 2260 1836 2311 Virgines
1848 2254 2102 2307 α’ρτίδροποι
2119 2261 2143 2298 i.
2155 2271 2190 2298 e.
2209 2260 2322 2298 modo

216 2349 367 2396 carptae
415 2342 592 2383 dicuntur
637 2354 737 2394 quae
784 2354 819 2381 v.
864 2342 966 2382 344.
1009 2338 1327 2391 καινοπήμονες
1364 2347 1471 2384 sunt:
1527 2344 1566 2383 in
1600 2354 1649 2383 eo
1695 2349 1818 2384 autem
1866 2345 1965 2383 inest
2012 2344 2140 2394 gravis
2189 2354 2320 2382 earum

214 2427 403 2469 calamitas
442 2425 695 2480 fortunaeque
734 2427 945 2477 acerbitaS,
993 2427 1094 2479 quod
1132 2427 1243 2468 modo
1284 2432 1436 2479 carptae
1484 2428 1605 2467 statim
1646 2429 1685 2467 in
1725 2428 1945 2467 servitutem
1985 2427 2226 2467 abducuntur
2271 2427 2319 2466 ab

212 2510 404 2553 hostibus:
451 2503 619 2546 κλαυτὸν
654 2503 691 2546 δ’
727 2503 981 2560 α’ρτιδρόποις
1014 2504 1226 2563 διαμεῖψαι
1261 2506 1444 2559 δωμάτων
1480 2504 1667 2558 στυγερὰν
1700 2504 1808 2546 ὁδόν.
1876 2510 2115 2564 Exaggerari
2148 2522 2240 2550 vero
2281 2516 2321 2550 et

213 2595 431 2648 amplificari
474 2593 572 2634 hanc
609 2595 815 2649 imaginem
853 2606 966 2637 nemo
1008 2601 1065 2636 est
1113 2597 1202 2649 quin
1232 2595 1425 2648 intellegat
1463 2595 1587 2636 addita
1626 2596 1744 2635 altera
1784 2606 1908 2647 eaque
1950 2596 2108 2637 fortiore
2148 2598 2318 2646 notione,

212 2690 326 2733 quam
357 2690 408 2718 ex
439 2678 573 2717 vitiosa
604 2672 848 2729 ὦμοδρόπων
888 2680 1073 2731 scriptura
1103 2691 1178 2719 una
1208 2684 1346 2718 tantum
1377 2679 1486 2717 litera
1516 2683 1653 2718 mutata
1687 2680 1743 2717 sic
1775 2679 1982 2718 eruendam
2014 2690 2100 2718 esse
2133 2680 2319 2720 arbitror:

777 2784 945 2828 κλαυιὸν
970 2786 1007 2827 δ’
1031 2784 1339 2841 α’ρτιδρόποις
1364 2783 1645 2839 ὦμοδρόπως

770 2863 944 2912 νομίμων
969 2862 1251 2913 προπάροιθεν
1280 2860 1362 2899 κτλ.
