2578 3231
313 778 416 849 De
456 812 691 852 emendando
729 811 921 863 Aeschylo
961 812 995 851 si
1032 813 1114 864 quis
1154 811 1255 851 bene
1293 812 1433 851 mereri
1472 810 1585 850 hodie
1624 811 1731 863 velit,
1772 812 1818 851 ab
1858 813 2022 852 editione
2054 813 2334 854 Hermanniana

229 899 405 946 tanquam
444 907 466 934 a
505 896 748 937 fundamento
786 898 906 937 omnis
943 896 1097 936 criticae
1136 895 1380 946 supellectilis
1418 896 1678 947 proficiscatur
1708 909 1869 937 necesse
1902 903 1970 936 est.
2043 898 2149 943 Quae
2180 899 2333 950 quidem

230 975 346 1017 editio
378 991 488 1030 quam
520 986 696 1020 accurata
734 986 772 1020 et
802 981 928 1021 subtili
958 981 1218 1021 aestimatione
1252 985 1384 1032 egeat,
1423 980 1619 1030 praeclare
1658 991 1779 1030 nuper
1817 983 2026 1031 expositum
2065 995 2087 1021 a
2117 980 2332 1021 ¹W'elckero

227 1062 349 1102 Musei
380 1064 500 1103 Rhen.
532 1070 558 1103 t.
590 1064 652 1103 IX.
685 1077 722 1115 p.
758 1066 858 1105 179.
890 1078 994 1117 sqq.,
1031 1064 1097 1103 ubi
1128 1064 1276 1115 qualem
1317 1064 1379 1103 ille
1411 1066 1539 1114 operis
1570 1064 1836 1103 Hermanniani
1866 1067 2139 1105 aestimatorem
2172 1066 2331 1105 deside-

227 1152 398 1196 raverat,
443 1147 555 1187 talem
593 1159 730 1200 reapse
769 1150 856 1189 ilico
896 1160 938 1189 se
977 1148 1161 1199 praestitit
1199 1147 1355 1187 Carolus
1395 1148 1589 1197 Prienius,
1637 1148 1701 1199 qui
1740 1148 1875 1187 eodem
1912 1149 2031 1188 Musei
2066 1150 2184 1189 Rhen.
2225 1154 2252 1189 t.
2293 1162 2328 1200 p.

229 1233 332 1271 217.
365 1243 447 1283 sqq.
479 1237 518 1271 et
548 1244 584 1283 p.
618 1233 720 1272 392.
754 1244 834 1284 sqq.
876 1233 924 1272 de
956 1230 1191 1270 emendanda
1222 1243 1296 1270 una
1328 1232 1460 1270 saltem
1497 1231 1679 1282 Aeschyli
1719 1231 1864 1279 sabula,
1905 1233 2054 1282 Septem
2095 1233 2142 1272 ad
2179 1234 2328 1272 Thebas

228 1316 336 1364 dico,
383 1321 458 1354 tam
494 1317 596 1356 bene
635 1318 746 1355 etiam
784 1322 870 1367 post
906 1317 1159 1353 Hermannum
1197 1316 1352 1353 meritus
1391 1317 1459 1362 sit,
1506 1321 1548 1353 ut
1586 1328 1776 1367 perpauca
1813 1321 1952 1354 tantum
1996 1317 2140 1368 reliqua
2180 1318 2325 1356 fecerit.

226 1399 367 1438 Horum
408 1401 592 1452 quaedam
641 1413 726 1439 cum
773 1402 862 1439 satis
900 1399 1145 1451 probabiliter
1183 1400 1254 1437 iam
1292 1400 1496 1451 indagasse
1543 1400 1633 1438 mihi
1672 1401 1805 1439 videar
1844 1399 2092 1450 disputatione
2130 1412 2240 1451 quam
2280 1401 2328 1439 de

228 1485 464 1522 emendanda
510 1486 609 1523 illius
649 1485 799 1522 fabulae
845 1484 989 1533 parodo
1028 1481 1241 1531 scripsi*),
1289 1483 1425 1520 eodem
1464 1483 1623 1521 consilio
1672 1495 1775 1522 nunc
1813 1484 1967 1521 alterum
2005 1495 2157 1522 carmen
2196 1485 2327 1522 chori-

225 1580 310 1606 cum
352 1569 522 1606 eiusdem
554 1568 704 1607 fabulae
743 1569 910 1606 breviter
939 1579 1179 1617 percurram:
1228 1568 1275 1604 de
1308 1578 1384 1616 quo
1417 1567 1666 1615 perpoliendo
1696 1570 1856 1617 egregia
1887 1580 1979 1605 sane
2011 1580 2098 1605 esse
2127 1569 2329 1606 Hermanni

223 1654 357 1691 merita
396 1657 437 1691 ut
468 1652 675 1691 concedam
706 1653 878 1699 Prienio‚
922 1650 1105 1702 quaedam
1144 1655 1269 1689 tamen
1308 1651 1505 1701 utriusque
1543 1652 1666 1690 critici
1705 1665 1868 1692 acumen
1906 1652 2050 1703 fugisse
2090 1652 2128 1690 in
2157 1658 2327 1702 promptu

224 1743 303 1784 est,
343 1736 460 1775 veluti
491 1737 662 1776 secundo
694 1738 815 1776 statim
846 1748 962 1775 versu
992 1737 1135 1785 primae
1166 1733 1343 1785 strophae
1374 1745 1461 1773 cum
1493 1745 1627 1775 omnes
1657 1735 1746 1776 libri
1778 1736 1904 1786 scripti
1935 1735 2031 1774 haec
2062 1740 2263 1774 testentur:

835 1838 1001 1886 γείτονες
1026 1834 1070 1873 δὲ
1096 1833 1257 1885 καρδίας
1280 1836 1462 1886 μέριμναι

221 1936 356 1964 versus
387 1930 511 1964 autem
543 1924 833 1975 antistrophicus

836 2000 946 2043 τᾶσδ’
971 2002 1117 2053 ἄρειον,
1141 1999 1299 2053 ἐχθροῖς
1323 1999 1487 2053 ἀφέντες

220 2104 297 2131 non
339 2093 493 2131 omnino
534 2097 720 2143 congruat
758 2104 844 2131 cum
882 2091 968 2140 illo,
1008 2090 1243 2129 Hermannus
1281 2091 1425 2130 reiecta
1465 2094 1572 2130 vocis
1612 2088 1775 2139 καρδίας
1816 2093 2001 2143 synizesi‚
2048 2104 2120 2142 qua
2160 2094 2248 2131 olim
2287 2095 2325 2132 in

218 2177 337 2216 Elem.
369 2176 490 2215 doctr.
522 2181 631 2214 metr.
662 2188 699 2226 p.
732 2177 803 2214 54.
836 2181 957 2214 metro
989 2174 1200 2214 consultum
1231 2174 1368 2221 voluit,
1407 2180 1446 2213 et
1484 2176 1643 2226 explosa
1680 2178 1865 2216 Dindorfii
1897 2179 2115 2216 coniectura
2146 2179 2324 2227 peregri-

218 2272 305 2300 nam
337 2272 472 2300 vocem
509 2255 650 2308 κάρζας
693 2259 887 2310 Aeschylo
918 2259 1145 2299 inculcantis
1181 2260 1221 2297 in
1258 2269 1373 2297 versu
1410 2260 1682 2311 antistrophico
1719 2264 1848 2301 inesse
1888 2261 1958 2300 sibi
1997 2261 2184 2310 persuasit
2212 2272 2323 2299 rnen-

217 2346 305 2384 dum
336 2347 567 2396 scripturae,
598 2346 700 2396 quod
730 2345 865 2383 tollere
896 2346 953 2383 sic
985 2344 1182 2383 emendato
1211 2354 1326 2381 versu
1357 2354 1472 2382 ausus
1504 2350 1581 2382 est:

831 2420 943 2464 τᾶσδ’
968 2423 1114 2477 ἄρειον,
1144 2421 1396 2475 ἓξαφὲντες
1421 2421 1621 2475 ἐχθροῖς

216 2523 328 2566 quam
353 2513 655 2555 emendationem
679 2522 819 2554 vereor
849 2523 901 2554 ne
935 2523 1066 2564 parum
1099 2515 1209 2554 caute
1232 2511 1368 2550 dixerit
1389 2511 1562 2552 Prienius
1595 2513 1686 2554 nihil
1711 2514 1955 2556 dubitationis
1981 2514 2134 2554 hahere.
2184 2513 2324 2556 Verum

320 2701 358 2743 ⁹)
404 2698 491 2734 Haec
514 2699 679 2743 disputatio
703 2708 796 2743 quam
817 2707 918 2744 nuper
941 2708 1012 2734 cum
1035 2699 1104 2734 viro
1128 2697 1296 2733 clarissimo
1325 2695 1484 2730 Friderico
1515 2695 1685 2730 Bitschelio
1708 2699 1959 2739 communicavi,
1987 2698 2169 2740 propediem
2198 2700 2232 2734 in
2255 2700 2326 2736 Ιι-

400 2766 457 2790 seo
481 2757 581 2792 Rhen.
604 2757 749 2800 prodibit.
776 2775 816 2782 -
