2578 3231
1135 157 1411 200 ...4.-

214 292 313 331 enim
339 297 379 331 ut
404 291 537 339 fatear,
578 292 746 343 virgines
770 291 967 330 Thebanas
999 291 1174 330 miseram
1199 291 1305 331 urbis
1330 297 1569 342 expugnatae
1596 293 1859 333 condicionem
1878 298 2157 344 conquerentes
2182 304 2333 344 nequa-

212 389 324 427 quam
359 382 418 415 est
444 376 642 426 probabile
674 372 946 414 sollicitudines
981 386 1069 414 suas
1111 388 1146 413 v.
1180 376 1282 414 271.
1325 376 1374 414 ita
1405 375 1603 425 proferre,
1643 383 1684 416 ut
1715 390 1781 417 eas
1814 379 2000 417 vicinas
2033 383 2174 416 tantum
2205 378 2331 417 cordis

214 471 303 500 esse
322 459 461 509 dicant,
493 461 632 512 quippe
662 459 798 511 quibus
830 459 954 509 potius
987 458 1157 498 habitare
1188 459 1271 498 illas
1303 459 1452 510 penitus
1485 459 1523 498 in
1542 459 1660 499 corde
1678 460 1761 510 ipso
1787 461 1988 501 dicendum
2006 460 2133 500 fuerit.
2198 461 2331 507 Quan-

215 555 326 595 quam
365 543 426 583 vel
465 545 520 584 sic
558 545 683 584 mirari
723 544 804 583 iure
844 543 968 594 possis
1006 543 1098 582 nihil
1138 542 1223 583 fere
1259 544 1348 583 novi
1388 542 1475 583 addi
1522 542 1593 583 hac
1633 545 1819 585 sententia
1860 557 1923 597 pei
1966 557 2009 586 se
2048 544 2199 598 quidem
2239 544 2328 584 satis

215 628 423 678 probabili,
465 641 548 668 cum
588 629 674 678 angi
715 628 849 665 timore
889 639 958 666 cor
990 629 1179 678 virginum
1211 629 1385 679 proximo
1417 641 1532 668 versu
1573 629 1645 667 iam
1679 628 1818 667 dictum
1853 631 1920 668 sit:
1953 625 2063 680 φόβῳ
2099 625 2135 665 δ’
2176 622 2248 675 οὕχ
2283 623 2330 664 ὗ-

216 708 386 749 πνώσσει
410 707 515 759 κεάρ.
580 714 682 758 Quae
716 724 800 751 cum
833 711 881 750 ita
900 712 988 759 sint,
1019 726 1153 752 vocem
1186 708 1345 761 καρδίας
1380 716 1452 754 iam
1484 713 1628 764 pridem
1661 713 1810 752 conieci
1841 716 2140 754 commenticiam
2174 726 2261 754 esse
2292 719 2331 754 et

219 798 463 837 oscitantibus
495 797 654 836 librariis
692 797 825 836 deberi
864 801 1039 848 tanquam
1079 797 1184 838 iutile
1224 800 1595 850 interpretamentum
1634 798 1815 848 pristinae
1855 799 2065 848 scripturae
2103 793 2234 847 κηρός,
2281 798 2331 840 ad

219 894 328 933 quam
361 893 452 921 vere
484 881 669 931 poeticam
689 879 892 919 dictionem
925 892 1009 920 cum
1035 882 1207 921 attollere
1239 884 1402 922 animum
1436 893 1512 921 non
1545 881 1730 920 auderent
1760 880 1903 919 librarii
1934 886 1975 920 ut
2004 882 2073 922 suit
2105 890 2234 935 captus
2252 884 2328 922 ho-

220 968 368 1013 minum,
401 966 439 1003 in
456 966 684 1006 tritissimum
717 958 811 1011 κέαρ
837 961 939 1013 (κῆρ)
967 966 1148 1005 incidisse
1181 971 1218 1005 et
1248 978 1317 1016 pro
1336 968 1512 1006 inusitato
1542 960 1654 1014 κῆρος
1680 965 1919 1005 substituisse
1951 960 2113 1013 καρδίας
2139 969 2325 1007 videntur.

218 1050 305 1089 Sine
345 1048 459 1087 dubio
492 1053 616 1088 autem
655 1060 748 1088 vere
780 1050 970 1100 poeticum
1011 1053 1069 1087 est
1101 1048 1373 1090 sollicitudines
1412 1050 1485 1089 dici
1516 1051 1658 1090 vicinas
1698 1050 1902 1100 perniciei:
1955 1047 2121 1095 γείτονες
2148 1045 2192 1088 δὲ
2218 1045 2330 1100 κηρὸς

215 1127 396 1180 μέριμναι
436 1143 563 1183 neque
594 1132 717 1170 minus
748 1131 1003 1182 Aeschyleum
1034 1143 1143 1182 quam
1178 1131 1267 1170 illud
1298 1132 1400 1183 quod
1441 1144 1476 1169 v.
1510 1132 1612 1171 333.
1646 1136 1768 1171 exstat
1805 1126 1983 1179 ἁρπαγαὶ
2009 1129 2072 1178 δέ,
2110 1130 2329 1182 διαδρομᾶν

215 1209 486 1263 ὁμαίμονεςε
518 1215 672 1265 rapinae
691 1215 793 1263 fiunt,
825 1225 982 1253 sorores
1000 1214 1327 1255 discursationum.
1359 1216 1534 1256 Ceterum
1552 1216 1685 1255 eadem
1705 1217 1880 1257 translata
1899 1218 2173 1270 significatione
2196 1232 2325 1259 vocem

213 1298 344 1346 γείτων
379 1305 593 1349 usurpatam
635 1299 752 1337 habes
794 1311 877 1337 cum
917 1299 1015 1349 apud
1055 1299 1147 1337 alios
1187 1301 1393 1351 scriptores
1432 1306 1508 1340 tum
1557 1301 1655 1351 apud
1695 1301 1926 1352 Aeschylum
1963 1303 2097 1355 Agam.
2144 1318 2179 1343 ν.
2223 1306 2324 1344 970.

215 1382 327 1428 νόσος
353 1378 451 1430 [ἀεὶ]
478 1382 641 1429 γείτων
667 1377 867 1430 ὁμότοιχος
899 1395 971 1422 nec
1012 1385 1142 1423 mirum
1185 1384 1258 1424 hoc
1296 1385 1383 1424 loco
1416 1386 1623 1435 perniciem
1663 1387 1701 1425 in
1733 1387 1950 1426 universum
1984 1389 2205 1440 significari‘
2229 1400 2324 1427 voce

213 1467 299 1519 κῆρ,
346 1483 418 1522 qua
453 1483 486 1508 v.
521 1469 623 1508 758.
662 1464 743 1516 κῆρ’
769 1461 968 1516 ἀφελόντα
994 1462 1118 1516 χώρας
1150 1474 1279 1519 aperte
1313 1468 1454 1520 Sphinx
1487 1470 1695 1509 communis
1729 1471 1892 1510 omnium
1926 1471 2188 1512 Thebanorum
2231 1485 2324 1523 per—

215 1556 332 1595 nicies
363 1553 607 1606 significat-ur.
643 1576 691 1581 —

401 1671 435 1707 A
467 1672 673 1708 communis
706 1670 921 1708 calamitatis
953 1672 1202 1721 tristitiaeque
1230 1670 1505 1722 significatione
1545 1670 1593 1707 ad
1632 1671 1819 1719 propriam
1860 1682 1967 1708 suam
2005 1676 2144 1709 sortem
2186 1672 2324 1720 deplo-

216 1754 370 1793 randam
404 1754 476 1793 hoc
507 1755 617 1794 modo
652 1757 843 1794 transitum
877 1760 1009 1804 parant
1040 1756 1211 1805 virgines
1244 1768 1279 1792 v.
1315 1754 1416 1792 315.
1449 1765 1531 1803 sqq.

833 1863 998 1907 κλαυτὸν
1023 1863 1059 1904 δ’
1086 1863 1338 1918 ἆρτιδρόποις

829 1941 1067 1993 ὦμοδρόπων
1093 1945 1268 1992 νομίμων
1294 1941 1575 1992 προπάροιθεν
1602 1940 1815 1994 διαμεῖψαι

834 2014 1016 2066 δωμάτων
1043 2014 1227 2067 στυγερὰν
1254 2012 1364 2055 ὁδόν.

217 2123 279 2172 qui
311 2123 419 2160 locus
450 2123 522 2160 dici
556 2124 617 2160 va
650 2128 773 2171 potest
795 2127 971 2172 quantum
1004 2124 1146 2172 negotii
1179 2121 1315 2161 fecerit
1346 2121 1520 2160 omnibus
1550 2121 1702 2160 criticis.
1766 2122 1825 2160 Ac
1857 2121 2013 2170 primum
2046 2123 2195 2172 quidem
2219 2124 2321 2165 Her-

217 2217 375 2243 mannus
417 2207 453 2243 in
493 2206 672 2245 librorum
707 2207 892 2255 scriptura
923 2206 1172 2256 acquiescens
1213 2207 1269 2245 sic
1305 2206 1389 2244 illos
1420 2217 1554 2244 versus
1588 2206 1852 2255 interpretatus
1893 2209 1973 2244 est:
2019 2204 2318 2255 deploranda

215 2301 321 2328 sors
356 2295 429 2327 est
466 2301 644 2336 earum,
685 2301 806 2340 quae
846 2294 1044 2338 carptae
1082 2295 1196 2327 ante
1234 2290 1494 2328 solemnem
1535 2291 1698 2335 ritum,
1738 2299 1829 2339 quo
1871 2289 1948 2326 vix
1988 2294 2198 2328 maturus
2239 2292 2318 2330 iu-

214 2379 390 2412 ventae
427 2374 519 2412 flos
561 2374 865 2425 decerpitur,
904 2373 1081 2412 relicta
1124 2373 1257 2412 domo
1296 2374 1487 2412 tristem
1526 2373 1874 2425 ingrediuntur
1917 2373 2055 2412 viam:
2104 2374 2141 2412 in
2182 2375 2317 2424 quibus

211 2470 287 2497 non
321 2458 434 2497 modo
466 2458 606 2509 {rigere
638 2451 879 2506 οἷμοδρόπων
908 2469 992 2497 cum
1024 2469 1119 2497 voce
1162 2454 1334 2505 νομίμων
1363 2458 1629 2507 coniunctum,
1666 2456 1736 2497 sed
1775 2467 1824 2494 ne
1864 2461 1970 2496 recte
2003 2456 2151 2508 quidem
2193 2458 2318 2509 expli—-

212 2547 332 2581 catum
367 2552 455 2580 esse
492 2541 538 2580 ab
569 2542 782 2581 Hermanno
816 2542 1012 2580 verissime
1044 2541 1223 2580 iudicavit
1259 2541 1447 2581 Prienius.
1516 2541 1596 2580 Nec
1632 2540 1944 2580 honorificentius
1981 2540 2220 2579 iudicandum
2261 2546 2318 2580 est

210 2626 257 2665 dc
288 2627 599 2677 interpretatione
640 2627 939 2674 Schneidewini‚
989 2626 1053 2677 qui
1092 2625 1224 2666 Philol.
1261 2630 1288 2665 t.
1320 2625 1367 2665 V.
1405 2636 1441 2677 p.
1478 2626 1579 2666 367.
1621 2636 1676 2677 sq.
1724 2624 1894 2664 similiter
1930 2629 2041 2676 atque
2080 2624 2315 2664 Hermannus

209 2710 412 2762 significari
446 2709 519 2747 hoc
551 2710 638 2749 loco
671 2711 864 2749 contendit
904 2710 1071 2761 virgines
1105 2710 1217 2748 modo
1251 2714 1397 2759 carptas
1430 2714 1516 2747 ante
1549 2708 1845 2755 matrimonium,
1884 2719 1959 2759 quo
1991 2707 2120 2743 viridis
2152 2719 2317 2746 recens-

208 2807 281 2846 que
321 2795 390 2833 ssos
435 2794 665 2845 decerpitur.
747 2795 873 2840 Quid?
929 2794 1029 2845 quod
1076 2795 1246 2845 leporem
1295 2798 1333 2831 et
1378 2794 1494 2831 salem
1542 2793 1674 2830 nescio
1721 2804 1832 2843 quem
1881 2790 2169 2840 deprehendere
2217 2792 2316 2829 idem

207 2879 517 2917 Schneidewinus
558 2880 629 2916 sibi
671 2881 774 2917 visus
808 2884 865 2916 est
903 2881 940 2916 in
972 2879 1108 2915 iunctis
1141 2872 1392 2925 α’ρτιδρόποις
1424 2883 1460 2915 et
1490 2870 1730 2922 ὦμοδρόπων
1766 2877 1980 2924 adiectivis,
2020 2886 2179 2926 quorum
2211 2875 2315 2925 prius
