2578 3231
1140 103 1417 147 ..7.-

221 242 399 296 pauperis
431 241 544 282 domo
576 244 683 280 recte
717 240 789 278 iam
822 217 1072 291 perspexerat
1100 238 1350 279 Hermannus.
1416 239 1494 279 Sed
1526 239 1573 277 ab
1604 239 1822 281 Hermanno
1856 252 2009 294 quoque
2039 254 2236 294 perperam
2268 250 2336 287 in-

220 327 411 372 tellectum
444 337 533 366 esse
563 337 649 365 cum
680 329 797 363 totum
829 323 954 363 locum
985 328 1062 363 tum
1094 325 1301 375 captiosum
1331 324 1424 363 illud
1455 318 1702 371 εὖτιαοῧνως
1737 324 1945 375 probabilis
1976 327 2117 367 Prienii
2149 333 2336 372 sententia

221 415 292 459 est,
324 422 411 450 cum
426 411 544 449 verba
573 402 719 456 ἀνδρὸς
743 401 986 454 εὐτυχοῦντος
1019 414 1057 448 et
1085 404 1292 456 δυςμενοῦς
1326 402 1538 457 ὑπερτέρου
1567 414 1609 448 111
1636 410 1736 448 idem
1770 409 1854 449 fere
1887 412 2139 462 significantia
2169 414 2219 452 ita
2237 427 2335 454 con·

219 495 326 547 iungi
357 488 409 537 ὥς
438 493 619 545 particula
654 497 857 544 nequeant,
889 497 929 532 ut
960 505 1073 533 unum
1104 494 1225 533 altero
1255 493 1455 544 expleatur
1487 499 1526 534 et
1557 494 1816 545 amplificetur.
1882 494 1918 533 A
1934 494 2086 535 Prienio
2103 500 2229 536 autem
2254 498 2336 547 ipso

220 578 424 630 permirum
463 582 522 616 est
561 578 715 616 omnino
754 577 1055 628 praetermissam
1084 589 1174 617 esse
1203 576 1497 627 explicationem
1537 578 1647 618 verbi
1684 571 1945 623 εὖτνχοῦντῠς,
1985 580 2089 630 quod
2129 584 2243 629 caput
2280 582 2338 619 rei

222 666 314 701 erat.
380 661 557 700 Ceterum
588 663 627 700 in
661 660 895 701 emendanda
926 662 1055 711 priore
1085 665 1195 717 parte
1227 662 1422 700 enunciati
1453 664 1503 701 ita
1535 668 1709 702 versatus
1743 668 1801 700 est
1832 664 2028 711 Prienius‚
2070 668 2112 702 ut
2154 658 2340 709 τλήμονες

221 747 411 798 glossema
450 747 630 796 pristinae
669 748 877 797 scripturae
905 741 1061 788 τλαταί,
1105 738 1228 781 εὗνᾶν
1265 750 1392 787 autem
1422 758 1552 787 veram
1583 748 1806 796 scripturam
1839 759 1928 786 esse
1961 748 2111 787 diceret
2142 751 2337 801 totumque

220 832 345 869 locum
378 831 433 869 sic
466 830 671 870 scriberet:

788 909 946 963 δμωΐδες
972 909 1016 950 δὲ
1040 906 1328 962 καινοπῆμονες
1352 909 1452 953 νέαι,

781 985 947 1024 aaran
978 982 1125 1024 εὐνὰν
1150 982 1395 1035 αἶχμάλωων

778 1056 923 1109 ἀνδρὸς
944 1041 1209 1108 εὐτυχοῦντος,
1239 1054 1291 1103 ὥς

782 1131 988 1182 δυςμενοῦς
1013 1130 1224 1184 ὑπερτέρου

781 1205 893 1253 ἐλπίς
918 1204 997 1246 ἐστι
1022 1205 1205 1258 νύκτερον
1228 1204 1338 1252 τέλος
1361 1204 1511 1257 μολεῖν,

782 1279 1039 1329 παγκλαύτων
1063 1277 1213 1329 α’λγέων
1238 1279 1473 1330 ἐπίρροθον.

224 1396 261 1432 111
295 1392 431 1443 quibus
464 1390 552 1428 mihi
591 1394 789 1437 utrumque
820 1391 861 1425 et
892 1381 1030 1421 τλαταὶ
1063 1390 1102 1424 et
1134 1378 1259 1421 εὐνὰν
1302 1385 1406 1435 quod
1443 1396 1496 1428 ne
1536 1386 1719 1423 convenit
1756 1386 1908 1435 quidem
1947 1399 2034 1427 cum
2072 1399 2186 1428 versu
2224 1395 2332 1430 stro-

224 1478 349 1527 phico,
383 1475 515 1513 falsum
548 1472 707 1510 videtur.
771 1469 1091 1510 Proficiscendum
1121 1473 1247 1511 autem
1281 1472 1340 1507 est
1376 1472 1418 1507 ut
1446 1466 1568 1506 dicam
1608 1467 1711 1518 quod
1742 1469 1866 1507 sentio
1905 1469 1944 1508 in
1987 1471 2232 1512 emendandis
2272 1474 2331 1514 his

224 1561 398 1601 versibus
430 1571 451 1596 a
483 1556 602 1596 verbo
642 1547 905 1599 εὐτυχοῦντος,
942 1554 982 1593 111
1019 1563 1095 1605 quo
1127 1553 1236 1604 quasi
1273 1551 1314 1593 in
1355 1551 1511 1591 cardine
1544 1551 1668 1591 omnis
1700 1551 1900 1592 difficultas
1932 1554 2101 1594 vertitur.
2157 1555 2267 1602 Quod
2298 1559 2333 1597 si

226 1644 344 1683 verbo
375 1634 623 1687 εὐτυχοῦντος
648 1637 852 1690 sIgnificari
893 1635 967 1676 hoc
994 1635 1084 1679 loco
1114 1635 1310 1676 statuimus
1342 1646 1430 1674 eum
1470 1634 1534 1686 qui
1564 1633 1707 1687 aliquid
1739 1634 1902 1675 feliciter
1934 1642 2094 1677 nanctus
2127 1639 2195 1690 sit,
2238 1651 2332 1680 sane

226 1740 336 1779 quam
368 1724 573 1778 probabilis
605 1724 717 1762 totius
748 1721 824 1761 loci
855 1720 1067 1760 emendatio
1107 1724 1280 1772 tanquam
1311 1724 1447 1771 sponte
1488 1730 1531 1758 se
1564 1719 1688 1759 offert.
1752 1720 1825 1760 Pro
1863 1715 2050 1769 τλήμονες
2087 1724 2186 1762 enim
2219 1735 2331 1764 nemo

227 1823 303 1852 non
335 1809 436 1848 videt
467 1806 708 1847 scribendum
742 1816 829 1844 esse
859 1797 1027 1853 τλήμον’,
1053 1813 1123 1856 pro
1146 1796 1271 1843 ,εὗνάν
1307 1807 1434 1843 autem
1468 1796 1592 1846 εὖνιν,
1627 1808 1670 1842 111
1699 1807 1807 1859 Α101115
1844 1804 1952 1844 locus
1992 1808 2049 1846 sic
2078 1807 2235 1857 pristino
2266 1808 2331 1847 ni-

229 1897 299 1935 1011
335 1894 569 1932 restituatur:

785 1968 946 2022 δμωΐδες
970 1967 1014 2008 δὲ
1039 1967 1324 2022 καινοπήμονες
1348 1968 1437 2008 νέαι

788 2040 973 2097 τλήμον’
1000 2041 1134 2083 εὖνιν
1160 2042 1403 2094 αἰχμάλωτον

792 2116 938 2171 ἆνδρὸς
961 2114 1222 2168 εὔτυχοῦντος,
1244 2114 1294 2164 ὥς
1318 2115 1398 2156 κτλ.

229 2226 531 2278 interpretandus
564 2230 689 2264 autem
719 2224 767 2263 sit
790 2223 862 2262 hac
890 2221 1059 2262 ratione:
1091 2222 1250 2261 iuvenes
1281 2231 1417 2261 servae
1450 2232 1551 2260 novo
1583 2220 1718 2261 dolore
1750 2221 1967 2273 affliguntur
1997 2221 2107 2262 hoste
2140 2222 2330 2272 miseram,

230 2313 411 2361 captivam
451 2311 593 2349 sociam
631 2309 705 2347 tori
746 2307 909 2355 feliciter
947 2309 1107 2344 nancto:
1157 2304 1452 2355 exspectandum
1491 2305 1592 2343 enim
1623 2310 1683 2344 est
1729 2309 1928 2344 venturum
1967 2315 2055 2345 esse
2103 2310 2331 2347 nocturnum

230 2396 393 2434 officium
426 2393 544 2433 hostis
576 2393 743 2440 victoris,
775 2401 922 2441 augens
955 2388 1108 2434 dolores
1138 2388 1374 2428 lacrimarum
1402 2387 1551 2439 plenos.
1587 2411 1636 2416 —-

414 2499 593 2550 Reliquos
637 2496 749 2536 huius
788 2495 930 2535 stasimi
968 2495 1077 2534 locos
1116 2497 1314 2544 corruptos
1361 2492 1553 2532 fatendum
1592 2498 1652 2532 est
1697 2499 1737 2533 et
1773 2494 1963 2546 sagaciter
2000 2494 2246 2546 investigatos
2295 2502 2335 2535 et

229 2586 431 2637 ingeniose
485 2583 707 2621 emendatos
755 2593 843 2620 esse
889 2580 936 2618 ab
984 2579 1219 2627 Hermanno,
1273 2578 1347 2615 nisi
1383 2578 1485 2628 quod
1531 2578 1785 2617 emendationi
1824 2591 1860 2616 v.
1909 2578 2012 2617 296.
2060 2575 2170 2622 ἄταν,
2207 2573 2333 2630 ῥίψο-

232 2667 336 2706 πλον
361 2665 462 2705 ἄταν
497 2667 651 2707 alteram
692 2665 996 2706 emendationem
1026 2658 1164 2707 κᾶκαν,
1189 2655 1393 2709 ῥίψῠπλθν
1417 2656 1519 2698 ὅταν
1564 2662 1613 2701 ab
1649 2663 1734 2713 ipso
1773 2673 1925 2714 quoque
1963 2661 2180 2704 Hermanno
2221 2676 2335 2704 com·

230 2752 440 2793 mendatam
464 2743 758 2802 'praeferendam
789 2760 878 2789 esse
910 2760 996 2788 cum
1026 2748 1177 2787 Prienio
1203 2745 1476 2786 contenderim.
1541 2745 1690 2786 Deinde
1722 2757 1818 2797 quos
1850 2745 2177 2797 hypercatalectus
2208 2749 2335 2790 doch-

230 2840 326 2877 mios
358 2836 406 2876 ab
443 2836 550 2874 initio
581 2845 715 2873 versus
748 2833 875 2872 statuit
902 2831 1139 2871 Hermannus
1176 2842 1212 2869 ν.
1246 2829 1334 2868 329
1364 2833 1402 2877 et
1434 2830 1537 2877 340,
